<record><leader>00000cas a22000007a 4500</leader><controlfield tag="001">12239552</controlfield><controlfield tag="008">850708c19119999okudn ne      0   a0eng  </controlfield><datafield ind1=" " ind2=" " tag="010"><subfield code="a">sn 85042349 </subfield></datafield><datafield ind1=" " ind2=" " tag="040"><subfield code="a">DLC</subfield><subfield code="b">eng</subfield><subfield code="c">DLC</subfield><subfield code="d">NSD</subfield><subfield code="d">PPM</subfield><subfield code="d">OBN</subfield><subfield code="d">GUA</subfield><subfield code="d">DLC</subfield><subfield code="d">SERSO</subfield><subfield code="d">OCLCQ</subfield><subfield code="d">OCLCO</subfield><subfield code="d">OCLCQ</subfield><subfield code="d">OCLCF</subfield></datafield><datafield ind1="1" ind2=" " tag="022"><subfield code="a">0889-566X</subfield><subfield code="l">0889-566X</subfield><subfield code="2">1</subfield></datafield><datafield ind1="1" ind2=" " tag="029"><subfield code="a">AU@</subfield><subfield code="b">000020383785</subfield></datafield><datafield ind1=" " ind2=" " tag="032"><subfield code="a">306740</subfield><subfield code="b">USPS</subfield></datafield><datafield ind1=" " ind2=" " tag="032"><subfield code="a">586080 (Sunday)</subfield><subfield code="b">USPS</subfield></datafield><datafield ind1=" " ind2=" " tag="037"><subfield code="b">Lawton Constitution, 102 SW 3rd, P.O. Box 2069, Lawton, OK 73502</subfield></datafield><datafield ind1=" " ind2=" " tag="042"><subfield code="a">msc</subfield><subfield code="a">nsdp</subfield></datafield><datafield ind1=" " ind2=" " tag="043"><subfield code="a">n-us-ok</subfield></datafield><datafield ind1="0" ind2="0" tag="050"><subfield code="a">Newspaper Microfilm 1426</subfield></datafield><datafield ind1="0" ind2=" " tag="130"><subfield code="a">Lawton constitution (Lawton, Okla : Daily : 1911)</subfield></datafield><datafield ind1=" " ind2="4" tag="222"><subfield code="a">The Lawton constitution</subfield></datafield><datafield ind1="1" ind2="4" tag="245"><subfield code="a">The Lawton constitution.</subfield></datafield><datafield ind1="1" ind2=" " tag="246"><subfield code="i">Issues for Sunday &lt;Jan. 1, 1967-&gt; published as:</subfield><subfield code="a">Lawton constitution &amp; morning press</subfield></datafield><datafield ind1="1" ind2=" " tag="246"><subfield code="i">Issues for Sunday &lt;Oct. 1, 2000-&gt; published as:</subfield><subfield code="a">Sunday constitution</subfield></datafield><datafield ind1="1" ind2=" " tag="246"><subfield code="i">Issues for Dec. 27-31, 1988 published as:</subfield><subfield code="a">Lawton morning press &amp; the Lawton constitution</subfield></datafield><datafield ind1="1" ind2="7" tag="246"><subfield code="a">Lawton morning press-constitution</subfield><subfield code="f">&lt;Jan. 1, 1967-&gt;</subfield></datafield><datafield ind1=" " ind2=" " tag="260"><subfield code="a">Lawton, Okla. :</subfield><subfield code="b">Constitution Co.</subfield></datafield><datafield ind1=" " ind2=" " tag="300"><subfield code="a">v.</subfield></datafield><datafield ind1=" " ind2=" " tag="310"><subfield code="a">Daily,</subfield><subfield code="b">&lt;Oct. 1, 2000-&gt;</subfield></datafield><datafield ind1=" " ind2=" " tag="321"><subfield code="a">Daily (except Saturday),</subfield><subfield code="b">Jan. 1, 1922-</subfield></datafield><datafield ind1=" " ind2=" " tag="321"><subfield code="a">Daily (except Sunday),</subfield><subfield code="b">&lt;1911&gt; -Dec. 30, 1921</subfield></datafield><datafield ind1="1" ind2=" " tag="362"><subfield code="a">Began in 1911.</subfield></datafield><datafield ind1=" " ind2=" " tag="500"><subfield code="a">Publisher: Lawton Pub. Co., &lt;Oct. 1, 2000-&gt;</subfield></datafield><datafield ind1=" " ind2=" " tag="515"><subfield code="a">Sunday issues have their own numbering; numbering varies, issues for Sunday, &lt;Apr. 19, 1987-&gt; called &lt;v. 14, no. 38-&gt;.</subfield></datafield><datafield ind1=" " ind2=" " tag="530"><subfield code="a">Also issued on microfilm from Microfilm Service &amp; Sales Co. and Southwest Micropublishing, Inc.</subfield></datafield><datafield ind1=" " ind2=" " tag="530"><subfield code="a">Also issued on the Internet.</subfield></datafield><datafield ind1=" " ind2=" " tag="588"><subfield code="a">Description based on: Vol. 10, no. 29 (Sep. 12, 1911).</subfield></datafield><datafield ind1=" " ind2=" " tag="588"><subfield code="a">Latest issue consulted: Vol. 27, no. 11 (Oct. 15, 2000).</subfield></datafield><datafield ind1=" " ind2="0" tag="651"><subfield code="a">Lawton (Okla.)</subfield><subfield code="v">Newspapers.</subfield></datafield><datafield ind1=" " ind2="0" tag="651"><subfield code="a">Comanche County (Okla.)</subfield><subfield code="v">Newspapers.</subfield></datafield><datafield ind1=" " ind2="7" tag="655"><subfield code="a">Newspapers.</subfield><subfield code="2">fast</subfield><subfield code="0">(OCoLC)fst01423814</subfield></datafield><datafield ind1=" " ind2="7" tag="651"><subfield code="a">Oklahoma</subfield><subfield code="z">Comanche County.</subfield><subfield code="2">fast</subfield><subfield code="0">(OCoLC)fst01218116</subfield></datafield><datafield ind1=" " ind2="7" tag="651"><subfield code="a">Oklahoma</subfield><subfield code="z">Lawton.</subfield><subfield code="2">fast</subfield><subfield code="0">(OCoLC)fst01217418</subfield></datafield><datafield ind1=" " ind2=" " tag="752"><subfield code="a">United States</subfield><subfield code="b">Oklahoma</subfield><subfield code="c">Comanche</subfield><subfield code="d">Lawton.</subfield></datafield><datafield ind1="0" ind2=" " tag="777"><subfield code="t">Lawton constitution-democrat (Weekly : 1911)</subfield><subfield code="w">(DLC)sn 96087821</subfield><subfield code="w">(OCoLC)34792277</subfield></datafield><datafield ind1="0" ind2="4" tag="780"><subfield code="t">Lawton morning press</subfield><subfield code="w">(DLC)sn 83002602</subfield><subfield code="w">(OCoLC)9930878</subfield></datafield><datafield ind1="4" ind2="1" tag="856"><subfield code="u">http://www.lawton-constitution.com</subfield></datafield></record>